<?xml version="1.0" encoding="utf-8"?>
<record xmlns="http://www.loc.gov/MARC21/slim" xmlns:xsi="http://www.w3.org/2001/XMLSchema-instance" xsi:schemaLocation="http://www.loc.gov/MARC21/slim http://www.loc.gov/standards/marcxml/schema/MARC21slim.xsd">
	<leader>
		02897nam a2200409   4500
	</leader>
	<controlfield tag="001">
		646170
	</controlfield>
	<controlfield tag="003">
		NNC
	</controlfield>
	<controlfield tag="006">
		m        d        
	</controlfield>
	<controlfield tag="007">
		cr cn |||m|||a
	</controlfield>
	<controlfield tag="008">
		151222s1930    su      o     000 0 ara d
	</controlfield>
	<datafield ind1=" " ind2=" " tag="040">
		<subfield code="a">
			NNU
		</subfield>
		<subfield code="b">
			eng
		</subfield>
		<subfield code="e">
			rda
		</subfield>
		<subfield code="c">
			NNU
		</subfield>
	</datafield>
	<datafield ind1="1" ind2=" " tag="100">
		<subfield code="6">
			880-01
		</subfield>
		<subfield code="a">
			Ibn Abī al-ʻIzz, ʻAlī ibn ʻAlī,
		</subfield>
		<subfield code="d">
			1330 or 1331-1389 or 1390.
		</subfield>
	</datafield>
	<datafield ind1="1" ind2="0" tag="240">
		<subfield code="6">
			880-02
		</subfield>
		<subfield code="a">
			Sharḥ al-Ṭaḥāwīyah fī al-ʻaqīdah al-salafīyah 
		</subfield>
	</datafield>
	<datafield ind1="1" ind2="0" tag="245">
		<subfield code="6">
			880-03
		</subfield>
		<subfield code="a">
			Kitāb Sharḥ al-Ṭaḥāwīyah fī al-ʻaqīdah al-salafīyah /
		</subfield>
		<subfield code="c">
			ʻaniya bi-taṣḥīḥihā wa-al-ishrāf ʻalá ṭabʻihā lajnah min al-mashāyikh wa-al-ʻulamāʼ taḥta riʼāsat al-Shaykh ʻAbd Allāh ibn Ḥasan ibn Ḥusayn Āl al-Shaykh.
		</subfield>
	</datafield>
	<datafield ind1=" " ind2=" " tag="260">
		<subfield code="6">
			880-04
		</subfield>
		<subfield code="a">
			Makkah :
		</subfield>
		<subfield code="b">
			al-Maṭbaʻah al-Salafīyah wa-Maktabatuhā,
		</subfield>
		<subfield code="c">
			1349h [1930]
		</subfield>
	</datafield>
	<datafield ind1=" " ind2=" " tag="300">
		<subfield code="a">
			online resource (464 pages)
		</subfield>
	</datafield>
	<datafield ind1=" " ind2=" " tag="336">
		<subfield code="a">
			text
		</subfield>
		<subfield code="2">
			rdacontent
		</subfield>
	</datafield>
	<datafield ind1=" " ind2=" " tag="337">
		<subfield code="a">
			computer
		</subfield>
		<subfield code="2">
			rdamedia
		</subfield>
	</datafield>
	<datafield ind1=" " ind2=" " tag="338">
		<subfield code="a">
			online resource
		</subfield>
		<subfield code="2">
			rdacarrier
		</subfield>
	</datafield>
	<datafield ind1=" " ind2=" " tag="500">
		<subfield code="a">
			Part of the Arabic Collections Online (ACO) project, contributed by Columbia University Libraries.
		</subfield>
	</datafield>
	<datafield ind1=" " ind2=" " tag="533">
		<subfield code="a">
			Electronic reproduction.
		</subfield>
		<subfield code="b">
			New York, N.Y. :
		</subfield>
		<subfield code="c">
			New York University,
		</subfield>
		<subfield code="d">
			2015.
		</subfield>
		<subfield code="5">
			NNU
		</subfield>
	</datafield>
	<datafield ind1=" " ind2="0" tag="650">
		<subfield code="a">
			Islam
		</subfield>
		<subfield code="x">
			Doctrines
		</subfield>
		<subfield code="v">
			Early works to 1800.
		</subfield>
	</datafield>
	<datafield ind1="1" ind2="0" tag="600">
		<subfield code="6">
			880-05
		</subfield>
		<subfield code="a">
			Ṭaḥāwī, Aḥmad ibn Muḥammad,
		</subfield>
		<subfield code="d">
			 852?-933.
		</subfield>
		<subfield code="t">
			ʻAqīdah al-Ṭaḥāwīyah. 
		</subfield>
	</datafield>
	<datafield ind1="2" ind2=" " tag="710">
		<subfield code="a">
			Columbia University.
		</subfield>
		<subfield code="b">
			Libraries.
		</subfield>
	</datafield>
	<datafield ind1="0" ind2=" " tag="730">
		<subfield code="a">
			Arabic Collections Online.
		</subfield>
	</datafield>
	<datafield ind1="0" ind2="8" tag="776">
		<subfield code="i">
			Online version:
		</subfield>
		<subfield code="a">
			Ibn Abī al-ʻIzz, ʻAlī ibn ʻAlī, 1330 or 31-1389 or 90.
		</subfield>
		<subfield code="s">
			Sharḥ al-Ṭaḥawiyah fi al-ʻaqidah al-salafiyah.
		</subfield>
		<subfield code="t">
			Kitab sharḥ al-Ṭaḥāwīyah fī al-ʻaqīdah al-salafīyah.
		</subfield>
		<subfield code="d">
			Mecca : al-Matbaʻah al-Salafiyah, 1349h [1930]
		</subfield>
		<subfield code="w">
			(OCoLC)775844595
		</subfield>
	</datafield>
	<datafield ind1="0" ind2="8" tag="776">
		<subfield code="i">
			Print version:
		</subfield>
		<subfield code="a">
			Ibn Abī al-ʻIzz, ʻAlī ibn ʻAlī, 1330 or 1331-1389 or 1390.
		</subfield>
		<subfield code="t">
			Kitāb Sharḥ al-Ṭaḥāwīyah fī al-ʻaqīdah al-salafīyah
		</subfield>
		<subfield code="w">
			(NNC)646170
		</subfield>
		<subfield code="w">
			(OCoLC)60601292
		</subfield>
	</datafield>
	<datafield ind1="4" ind2="0" tag="856">
		<subfield code="u">
			http://hdl.handle.net/2333.1/cnp5ht8x
		</subfield>
	</datafield>
	<datafield ind1="4" ind2="0" tag="856">
		<subfield code="u">
			http://hdl.handle.net/2333.1/cnp5ht8x
		</subfield>
	</datafield>
	<datafield ind1="1" ind2=" " tag="880">
		<subfield code="6">
			100-01/r
		</subfield>
		<subfield code="a">
			ابن ابي العز، علي بن علي،
		</subfield>
		<subfield code="d">
			1330 or 1331-1389 or 1390.
		</subfield>
	</datafield>
	<datafield ind1="1" ind2="0" tag="880">
		<subfield code="6">
			240-02/r
		</subfield>
		<subfield code="a">
			شرح الطحاوية في العقيدة السلفية 
		</subfield>
	</datafield>
	<datafield ind1="1" ind2="0" tag="880">
		<subfield code="6">
			245-03/r
		</subfield>
		<subfield code="a">
			كتاب شرح الطحاوية في العقيدة السلفية /
		</subfield>
		<subfield code="c">
			عني بتصحيحها والاشراف على طبعها لجنة من المشايخ والعلماء تحت رئاسة الشيخ عبد الله بن حسن بن حسين آل الشيخ.
		</subfield>
	</datafield>
	<datafield ind1=" " ind2=" " tag="880">
		<subfield code="6">
			260-04/r
		</subfield>
		<subfield code="a">
			مكة :
		</subfield>
		<subfield code="b">
			المطبعة السلفية ومكتبتها،
		</subfield>
		<subfield code="c">
			1349ه [1930]
		</subfield>
	</datafield>
	<datafield ind1="1" ind2="4" tag="880">
		<subfield code="6">
			600-05/r
		</subfield>
		<subfield code="a">
			طحاوي، احمد بن محمد،
		</subfield>
		<subfield code="d">
			852؟933.
		</subfield>
		<subfield code="t">
			عقيدة الطحاوية. 
		</subfield>
	</datafield>
	<datafield ind1=" " ind2=" " tag="959">
		<subfield code="a">
			NNU
		</subfield>
		<subfield code="b">
			WEB
		</subfield>
		<subfield code="c">
			GENI
		</subfield>
		<subfield code="t">
			0
		</subfield>
		<subfield code="m">
			Electronic access
		</subfield>
		<subfield code="s">
			01
		</subfield>
	</datafield>
	<datafield ind1=" " ind2=" " tag="959">
		<subfield code="a">
			NNU
		</subfield>
		<subfield code="b">
			WEB
		</subfield>
		<subfield code="c">
			GENI
		</subfield>
		<subfield code="t">
			0
		</subfield>
		<subfield code="m">
			Electronic access
		</subfield>
		<subfield code="s">
			01
		</subfield>
	</datafield>
	<datafield ind1=" " ind2=" " tag="999">
		<subfield code="i">
			NNC_646170
		</subfield>
		<subfield code="o">
			(OCoLC)ocm60601292
		</subfield>
		<subfield code="s">
			columbia_aco001278
		</subfield>
		<subfield code="e">
			(ERROR-880)
		</subfield>
		<subfield code="s">
			columbia_aco001278
		</subfield>
	</datafield>
</record>
